

@book{Vasquez,
    title = {Arquitectura De Computadoras i},
    author = {Juan Bernardo Vasquez Gomez},
    isbn = {978-607-733-091-2},
    year = {2012},
    keywords = {Computadora,arquitectura}
}